@conference{barnowski2015evaluation,
  title={Evaluation of Volumetric Imaging Systems with Scene Data Fusion},
  author={Barnowski, Ross},
  booktitle={IEEE Nuclear Science Symposium and Medical Imaging Conference (NSS/MIC)},
  address={San Diego, CA},
  month={November},
  year={2015}
}
@conference{barnowski2015uiti,
  title={Scene Data Fusion: Enabling Real-Time Volumetric Gamma-Ray Imaging},
  author={Barnowski, Ross},
  booktitle={University Industry Technical Interchange (UITI)},
  address={Ann Arbor, MI},
  month={June},
  year={2015}
}
@conference{barnowski2014Python,
  title={A Python Framework for Gamma-Ray Imaging},
  author={Barnowski, Ross and Haefner, Andrew},
  booktitle={Scipy},
  address={Austin, TX},
  month={July},
  year={2014}
}
@conference{barnowski2013Near,
  title={Near Real-Time Fusion of Gamma-Ray Imaging with 3D Scene Data for Volumetric Imaging},
  author={Barnowski, Ross},
  booktitle={IEEE Nuclear Science Symposium and Medical Imaging Conference (NSS/MIC)},
  address={Seoul, Republic of South Korea},
  month={November},
  year={2013}
}
