@misc{sorma2014,
  title={Impact of Uncertainties on 3D Source Localization for Gamma-Ray Imaging with Scene Data Fusion},
  author={Barnowski, Ross},
  howpublished={{\it Symposium on Radiation Measurement and Applications (SORMA)} Ann Arbor, MI},
  month={June},
  year={2014}
}
