@article{barnowski2015scene,
  title={Scene data fusion: Real-time standoff volumetric gamma-ray imaging},
  author={Barnowski, Ross and Haefner, Andrew and Mihailescu, Lucian and Vetter, Kai},
  journal={Nuclear Instruments and Methods in Physics Research Section A: Accelerators, Spectrometers, Detectors and Associated Equipment},
  volume={800},
  pages={65--69},
  year={2015},
  publisher={Elsevier}
}
@conference{barnowski2015evaluation,
  title={Evaluation of Volumetric Imaging Systems with Scene Data Fusion},
  author={Barnowski, Ross},
  booktitle={IEEE Nuclear Science Symposium and Medical Imaging Conference (NSS/MIC)},
  address={San Diego, CA},
  month={November},
  year={2015}
}
@conference{barnowski2015uiti,
  title={Scene Data Fusion: Enabling Real-Time Volumetric Gamma-Ray Imaging},
  author={Barnowski, Ross},
  booktitle={University Industry Technical Interchange (UITI)},
  address={Ann Arbor, MI},
  month={June},
  year={2015}
}
